@misc{maliar,
      title={A Bottom-up Approach to Hilbert's Basis Theorem}, 
      author={Marc Maliar},
      year={2021},
      eprint={2110.08958},
      archivePrefix={arXiv},
      primaryClass={math.AG}
}

@book {dummit,
    AUTHOR = {Dummit, David S. and Foote, Richard M.},
     TITLE = {Abstract Algebra},
   EDITION = {Third},
 PUBLISHER = {John Wiley \& Sons, Inc., Hoboken, NJ},
      YEAR = {2004},
     PAGES = {xii+932},
      ISBN = {0-471-43334-9},
   MRCLASS = {00-01 (16-01 20-01)},
  MRNUMBER = {2286236},
}

@book {smith,
    AUTHOR = {Smith, Karen E. and Kahanp\"{a}\"{a}, Lauri and Kek\"{a}l\"{a}inen, Pekka and
              Traves, William},
     TITLE = {An Invitation to Algebraic Geometry},
    SERIES = {Universitext},
 PUBLISHER = {Springer-Verlag, New York},
      YEAR = {2000},
     PAGES = {xii+155},
      ISBN = {0-387-98980-3},
   MRCLASS = {14-01},
  MRNUMBER = {1788561},
MRREVIEWER = {Gary P. Kennedy},
       DOI = {10.1007/978-1-4757-4497-2},
       URL = {https://doi.org/10.1007/978-1-4757-4497-2},
}

@unpublished{allcock,
  author        = {Daniel Allcock},
  title         = {Hilbert's Nullstellensatz},
  month         = {1},
  year          = {2005},
  note          = {Expository notes on webpage at \url{https://web.ma.utexas.edu/users/allcock/expos/nullstellensatz3.pdf}}
}

@article {rabinowitsch,
    AUTHOR = {Rabinowitsch, J. L.},
     TITLE = {Zum {H}ilbertschen {N}ullstellensatz},
   JOURNAL = {Math. Ann.},
  FJOURNAL = {Mathematische Annalen},
    VOLUME = {102},
      YEAR = {1930},
    NUMBER = {1},
     PAGES = {520},
      ISSN = {0025-5831},
   MRCLASS = {DML},
  LANGUAGE = {german},
  MRNUMBER = {1512592},
       DOI = {10.1007/BF01782361},
       URL = {https://doi.org/10.1007/BF01782361},
}

@book {mumford,
    AUTHOR = {Mumford, David},
     TITLE = {The Red Book of Varieties and Schemes},
    SERIES = {Lecture Notes in Mathematics},
    VOLUME = {1358},
   EDITION = {expanded},
      NOTE = {Includes the Michigan lectures (1974) on curves and their
              Jacobians,
              With contributions by Enrico Arbarello},
 PUBLISHER = {Springer-Verlag, Berlin},
      YEAR = {1999},
     PAGES = {x+306},
      ISBN = {3-540-63293-X},
   MRCLASS = {14-01 (14A15 14H40 14H42)},
  MRNUMBER = {1748380},
MRREVIEWER = {Arnaud Beauville},
       DOI = {10.1007/b62130},
       URL = {https://doi.org/10.1007/b62130},
}

@book{waerden,
    AUTHOR = {Waerden, Bartel L.},
    TITLE = {A History of Algebra},
    PUBLISHER = {Springer-Verlag, Berlin},
    YEAR = {1985},
    PAGES = {xi+274},
    ISBN = {978-3-642-51599-6},
    DOI = {10.1007/978-3-642-51599-6},
    URL = {https://doi.org/10.1007/978-3-642-51599-6},
}
